@article{favilukisVanNieuwerburgh,
	title ={Out-of-Town Buyers and City Welfare},
	author={Favilukis, Jack and Van Nieuwerburgh, Stijn},
	journal={Journal of Finance},
	volume={76},
	number={5},
	pages={2577-2638},
	year={2021},
}

@misc{gOC,
  author       = {Department of Finance Canada},
  title        = {Government announces two-year extension to ban on foreign ownership of Canadian housing},
  year         = {2024},
  month        = {February},
  day          = {4},
  url          = {https://www.canada.ca/en/department-finance/news/2024/02/government-announces-two-year-extension-to-ban-on-foreign-ownership-of-canadian-housing.html},
  note         = {Accessed: 2025-05-03}
}

